%% Journal article
@article{bib1,
  author		= "Campbell, S. L. and Gear, C. W.",
  title			= "The index of general nonlinear {D}{A}{E}{S}",
  journal		= "Numer. {M}ath.",
  volume		= "72",
  number		= "2",
  pages			= "173--196",
  year			= "1995"
}

%% Journal article with DOI
@article{bib2,
  author		= "Slifka, M. K. and Whitton, J. L.",
  title			= "Clinical implications of dysregulated cytokine production",
  journal		= "J. {M}ol. {M}ed.",
  volume		= "78",
  pages			= "74--80",
  year			= "2000",
  doi			= "10.1007/s001090000086"
}

@article{Bhavnani2023,
   abstract = {},
   author = {Ravi Bhavnani and Nina Schlager and Karsten Donnay and Mirko Reul and Laura Schenker and Maxime Stauffer and Tirtha Patel},
   doi = {10.1057/s41599-023-01547-8},
   issn = {26629992},
   issue = {1},
   journal = {Humanities and Social Sciences Communications},
   title = {Household behavior and vulnerability to acute malnutrition in Kenya},
   volume = {10},
   year = {2023},
}

@article{Pelletier1995,
   abstract = {},
   author = {D. L. Pelletier and E. A. Frongillo and D. G. Schroeder and J. P. Habicht},
   issn = {00429686},
   issue = {4},
   journal = {Bulletin of the World Health Organization},
   title = {The effects of malnutrition on child mortality in developing countries},
   volume = {73},
   number = {4},
   pages = {443},
   year = {1995},
   pmid = {7554015},
   publisher = {World Health Organization}
}

@article{Pelletier2003,
   abstract = {},
   author = {David L. Pelletier and Edward A. Frongillo},
   doi = {10.1093/jn/133.1.107},
   issn = {00223166},
   issue = {1},
   journal = {Journal of Nutrition},
   title = {Changes in child survival are strongly associated with changes in malnutrition in developing countries},
   volume = {133},
   year = {2003},
}

@article{Rice2000,
   abstract = {},
   author = {Amy L. Rice and Lisa Sacco and Adnan Hyder and Robert E. Black},
   issn = {00429686},
   issue = {10},
   journal = {Bulletin of the World Health Organization},
   title = {Malnutrition as an underlying cause of childhood deaths associated with infectious diseases in developing countries},
   volume = {78},
   number = {10},
   pages = {1207--1221},
   year = {2000},
   publisher = {SciELO Public Health},
   pmid = {11100616}
}

@misc{who2023,
   abstract = {},
   author = {UNICEF/WHO/WORLD BANK},
   isbn = {978-92-4-007379-1},
   journal = {World Health Organization},
   pages = {1-32},
   title = {Levels and trends in child malnutrition: UNICEF / WHO / World Bank Group Joint Child Malnutrition Estimates Key findings of the 2023 edition},
   url = {https://www.who.int/publications/i/item/9789240073791},
   year = {2023},
}

@misc{IEG2022,
author = {Independent Expert Group},
title = {Global Nutrition Report | Country Nutrition Profiles - Global Nutrition Report}, 
howpublished = {\url{https://globalnutritionreport.org/resources/nutrition-profiles/africa/eastern-africa/}}, 
year = {2022}, 
note = {[Internet]. [cited 2023 Sep 5]}
}

@techreport{KNBSICF2023, 
author = {KNBS and ICF},
title = {Kenya Demographic and Health Survey 2022. Key Indicators Report}, 
institution = {KNBS and ICF}, 
year = {2023}, 
address = {Nairobi, Kenya, and Rockville, Maryland, USA}
}

@techreport{KNBSICF2015, 
author = {KNBS and ICF},
title = {Kenya Demographic and Health Survey 2014}, 
institution = {KNBS and ICF}, 
year = {2015}, 
address = {Nairobi, Kenya, and Rockville, Maryland, USA}
}

@misc{global,
  author = {Independent Expert Group},
  year = {2022},
	title = {Global nutrition report {\textbar} country nutrition profiles - global nutrition report},
	url = {https://globalnutritionreport.org/resources/nutrition-profiles/asia/south-eastern-asia/indonesia/},
	urldate = {2023-02-12},
}

@techreport{USAID2018, 
author = {USAID},
title = {Kenya: Nutrition Profile. In: Kenya Nutrition Profile}, 
year = {2018}, 
url = {https://www.usaid.gov/sites/default/files/documents/1864/Kenya-Nutrition-Profile-Mar2018-508.pdf},
note = {Cited 12 Feb 2021}
}

@book{stratton2003,
	address = {Wallingford},
	title = {Disease-related malnutrition: an evidence-based approach to treatment},
	isbn = {9780851996486},
	shorttitle = {Disease-related malnutrition},
	url = {},
	abstract = {},
	language = {en},
	publisher = {CABI},
	editor = {Stratton, R. J. and Green, C. J. and Elia, M.},
	year = {2003},
	doi = {10.1079/9780851996486.0000},
}

@article{jonah2018,
	title = {A comparative analysis of socioeconomic inequities in stunting: a case of three middle-income {African} countries},
	volume = {76},
	issn = {2049-3258},
	shorttitle = {A comparative analysis of socioeconomic inequities in stunting},
	url = {},
	doi = {10.1186/s13690-018-0320-2},
	language = {en},
	number = {1},
	journal = {Archives of Public Health},
	author = {Jonah, Coretta M. P. and Sambu, Winnie C. and May, Julian D.},
	month = dec,
	year = {2018},
	pages = {77},
}

@article{victora2008,
	title = {Maternal and child undernutrition: consequences for adult health and human capital},
	volume = {371},
	issn = {01406736},
	shorttitle = {Maternal and child undernutrition},
	url = {},
	doi = {10.1016/S0140-6736(07)61692-4},
	language = {en},
	number = {9609},
	journal = {The Lancet},
	author = {Victora, Cesar G and Adair, Linda and Fall, Caroline and Hallal, Pedro C and Martorell, Reynaldo and Richter, Linda and Sachdev, Harshpal Singh},
	month = jan,
	year = {2008},
	pages = {340--357},
}

@article{kar2008,
	title = {Cognitive development in children with chronic protein energy malnutrition},
	volume = {4},
	issn = {1744-9081},
	url = {},
	doi = {10.1186/1744-9081-4-31},
	language = {en},
	number = {1},
	journal = {Behavioral and Brain Functions},
	author = {Kar, Bhoomika R and Rao, Shobini L and Chandramouli, B A},
	year = {2008},
	pages = {31},
}

@article{mendez1999,
	title = {Severity and timing of stunting in the first two years of life affect performance on cognitive tests in late childhood},
	volume = {129},
	issn = {00223166},
	url = {},
	doi = {10.1093/jn/129.8.1555},
	language = {en},
	number = {8},
	journal = {The Journal of Nutrition},
	author = {Mendez, Michelle A. and Adair, Linda S.},
	month = aug,
	year = {1999},
	pages = {1555--1562},
}

@article{walker2015,
	title = {Early childhood stunting is associated with lower developmental levels in the subsequent generation of children ,},
	volume = {145},
	issn = {00223166},
	url = {},
	doi = {10.3945/jn.114.200261},
	language = {en},
	number = {4},
	journal = {The Journal of Nutrition},
	author = {Walker, Susan P and Chang, Susan M and Wright, Amika and Osmond, Clive and Grantham-McGregor, Sally M},
	month = apr,
	year = {2015},
	pages = {823--828},
}

@article{rabbani2016,
	title = {Trends and determinants of inequities in childhood stunting in {Bangladesh} from 1996/7 to 2014},
	volume = {15},
	issn = {1475-9276},
	doi = {10.1186/s12939-016-0477-7},
	language = {en},
	number = {1},
	journal = {International Journal for Equity in Health},
	author = {Rabbani, Atonu and Khan, Akib and Yusuf, Sifat and Adams, Alayne},
	month = dec,
	year = {2016},
	pages = {186},
}

@article{deOnis2016,
   abstract = {},
   author = {Mercedes de Onis and Francesco Branca},
   doi = {10.1111/mcn.12231},
   issn = {17408709},
   journal = {Maternal and Child Nutrition},
   title = {Childhood stunting: A global perspective},
   volume = {12},
   year = {2016},
}

@article{Hoddinott2013,
   abstract = {},
   author = {John Hoddinott and Harold Alderman and Jere R. Behrman and Lawrence Haddad and Susan Horton},
   doi = {10.1111/mcn.12080},
   issn = {17408695},
   issue = {S2},
   journal = {Maternal and Child Nutrition},
   title = {The economic rationale for investing in stunting reduction},
   volume = {9},
   year = {2013},
}

@article{Zere2003,
   abstract = {},
   author = {Eyob Zere and Diane McIntyre},
   doi = {10.1186/1475-9276-2-7},
   issn = {1475-9276},
   issue = {1},
   journal = {International Journal for Equity in Health},
   title = {Inequities in under-five child malnutrition in South Africa},
   volume = {2},
   year = {2003},
}

@article{Bloom2004,
   abstract = {},
   author = {David E. Bloom and David Canning and Jaypee Sevilla},
   doi = {10.1016/j.worlddev.2003.07.002},
   issn = {0305750X},
   issue = {1},
   journal = {World Development},
   title = {The effect of health on economic growth: A production function approach},
   volume = {32},
   year = {2004},
}

@article{Ranis2000,
   abstract = {},
   author = {Gustav Ranis and Frances Stewart and Alejandro Ramirez},
   doi = {10.1016/S0305-750X(99)00131-X},
   issn = {0305750X},
   issue = {2},
   journal = {World Development},
   title = {Economic growth and human development},
   volume = {28},
   year = {2000},
}

@article{Marmot2002,
   abstract = {},
   author = {Michael Marmot},
   doi = {10.1377/hlthaff.21.2.31},
   issn = {02782715},
   issue = {2},
   journal = {Health Affairs},
   title = {The influence of income on health: Views of an epidemiologist},
   volume = {21},
   year = {2002},
}

@article{Ettner1996,
   abstract = {},
   author = {Susan L. Ettner},
   doi = {10.1016/0167-6296(95)00032-1},
   issn = {01676296},
   issue = {1},
   journal = {Journal of Health Economics},
   title = {New evidence on the relationship between income and health},
   volume = {15},
   year = {1996},
}

@article{Haddad2015,
   abstract = {},
   author = {Lawrence Haddad and Endang Achadi and Mohamed Ag Bendech and Arti Ahuja and Komal Bhatia and Zulfiqar Bhutta and Monika Blössner and Elaine Borghi and Esi Colecraft and Mercedes De Onis and Kamilla Eriksen and Jessica Fanzo and Rafael Flores-Ayala and Patrizia Fracassi and Elizabeth Kimani-Murage and Eunice Nago Koukoubou and Julia Krasevec and Holly Newby and Rachel Nugent and Stineke Oenema and Yves Martin-Prével and Judith Randel and Jennifer Requejo and Tara Shyam and Emorn Udomkesmalee and K. Srinath Reddy},
   doi = {10.3945/jn.114.206078},
   issn = {15416100},
   issue = {4},
   journal = {Journal of Nutrition},
   title = {The global nutrition report 2014: Actions and accountability to accelerate the world's progress on nutrition},
   volume = {145},
   year = {2015},
}

@article{kien_trends_2016,
	title = {Trends in socioeconomic inequalities in child malnutrition in {Vietnam}: findings from the {Multiple} {Indicator} {Cluster} {Surveys}, 2000–2011},
	volume = {9},
	issn = {1654-9716, 1654-9880},
	shorttitle = {Trends in socioeconomic inequalities in child malnutrition in {Vietnam}},
	doi = {10.3402/gha.v9.29263},
	language = {en},
	number = {1},
	journal = {Global Health Action},
	author = {Kien, Vu Duy and Lee, Hwa-Young and Nam, You-Seon and Oh, Juhwan and Giang, Kim Bao and Minh, Hoang Van},
	month = dec,
	year = {2016},
	pages = {29263},
}

@misc{WHO2010, 
author = {World Health Organization}, 
title = {Nutrition Landscape Information System (NLIS) country profile indicators: interpretation guide}, 
year = {2010}, 
howpublished = {\url{http://www.who.int/nutrition/nlis_interpretationguide_isbn9789241599955/en/}}, 
note = {Accessed: 2023-09-07} 
}

@article{Farah2019,
   abstract = {},
   author = {Alinoor Mohamed Farah and Bilal Shikur Endris and Seifu Hagos Gebreyesus},
   doi = {10.1186/s40795-019-0281-z},
   issn = {20550928},
   issue = {1},
   journal = {BMC Nutrition},
   title = {Maternal undernutrition as proxy indicators of their offspring's undernutrition: Evidence from 2011 Ethiopia demographic and health survey},
   volume = {5},
   year = {2019},
}

@book{odonnell_analyzing_2008,
	title = {Analyzing health equity using household survey data : a guide to techniques and their implementation},
	isbn = {978-0-8213-6933-3},
	shorttitle = {Analyzing health equity using household survey data},
	abstract = {},
	language = {en\_US},
	urldate = {2021-02-12},
	publisher = {Washington, DC: World Bank},
	author = {O'Donnell, Owen and van Doorslaer, Eddy and Wagstaff, Adam and Lindelow, Magnus},
	year = {2008},
	doi = {10.1596/978-0-8213-6933-3},
}

@article{Wagstaff1991,
   abstract = {},
   author = {Adam Wagstaff and Pierella Paci and Eddy van Doorslaer},
   doi = {10.1016/0277-9536(91)90212-U},
   issn = {02779536},
   issue = {5},
   journal = {Social Science and Medicine},
   title = {On the measurement of inequalities in health},
   volume = {33},
   year = {1991},
}

@misc{Wagstaff2000,
abstract = {},
author = {Wagstaff, Adam and van Doorslaer, Eddy},
booktitle = {Handbook of Health Economics},
doi = {10.1016/S1574-0064(00)80047-5},
issn = {15740064},
keywords = {equality,equity,health,health care delivery,health care financing,inequality},
number = {PART B},
pages = {1803--1862},
title = {{Chapter 34 Equity in health care finance and delivery}},
volume = {1},
year = {2000}
}

@article{Akombi2019,
   abstract = {},
   author = {Blessing J. Akombi and Kingsley E. Agho and Andre M. Renzaho and John J. Hall and Dafna R. Merom},
   doi = {10.1371/journal.pone.0211883},
   issn = {19326203},
   issue = {2},
   journal = {PLoS ONE},
   title = {Trends in socioeconomic inequalities in child undernutrition: Evidence from Nigeria demographic and health survey (2003 – 2013)},
   volume = {14},
   year = {2019},
}

@article{Wagstaff2003,
   abstract = {},
   author = {Adam Wagstaff and Eddy Van Doorslaer and Naoko Watanabe},
   doi = {10.1016/S0304-4076(02)00161-6},
   issn = {03044076},
   issue = {1},
   journal = {Journal of Econometrics},
   title = {On decomposing the causes of health sector inequalities with an application to malnutrition inequalities in Vietnam},
   volume = {112},
   year = {2003},
}